=LDR  02198aam a2200529 i 4500
=001  020060506
=003  Uk
=005  20230925101810.0
=006  m\\\\||\\d\|\\\\\\
=007  cr\|||||||||||
=008  210109s2020\\\\enka|||jo\\\\||||\||eng\\
=FMT  \\$a  BK
=015  \\$aGBC3I0464$2bnb
=020  \\$a9780711253186$qEPUB
=020  \\$a0711253188$qEPUB
=037  \\$a9780711253186$bIngram Content Group
=040  \\$aUk$beng$cUk$erda
=042  \\$aukblcatcopy
=082  04$a421.1$223
=100  1\$aEckford, Jennifer,$eauthor.
=245  10$aBaby [heart] Earth :$ban ABC of our planet /$ctext, Jennifer Eckford ; illustrated by Teresa Bellon.
=246  3\$aBaby heart Earth
=246  3\$aBaby loves Earth
=264  \1$aLondon :$bFrances Lincoln Children's Books,$c2020.
=300  \\$a1 online resource :$billustrations.
=336  \\$atext$2rdacontent
=337  \\$acomputer$2rdamedia
=338  \\$aonline resource$2rdacarrier
=490  0\$aBaby loves
=520  \\$aThe letters of the alphabet introduce the Earth and how to take care of it.
=650  \0$aEnglish language$xAlphabet$vPictorial works$vJuvenile literature.
=651  \0$aEarth (Planet)$vPictorial works$vJuvenile literature.
=700  1\$aBellón, Teresa,$eillustrator.
=859  \\$aELD$bebook
=852  \\$aBritish Library$bHMNTS$cDRT$jELD.DS.584076
=CAT  \\$aBATCH-EBKN$b00$c20210112$lBLL01$h0207
=CAT  \\$aBATCH-UPD$b00$c20210112$lBLL01$h0207
=CAT  \\$aEBKS-FXD$c20210112$lBLL01$h0211
=CAT  \\$aBATCH$b00$c20210112$lBLL01$h0212
=CAT  \\$a10883$b40$c20230925$lBLL01$h1017
=CAT  \\$a10883$b40$c20230925$lBLL01$h1018
=FIN  \\$aY$d20230925
=SRC  \\$aIngrams
=ONS  \7$aJNF$x013010$2bisacsh
=ONS  \7$aJNF$b037020$2bisacsh
=ONS  \\$tABC book;ABC;ABC for babies;ABC for children;ABC for toddlers;book about climate change for babies;book about the climate crisis for babies;book about the climate crisis for toddlers;board book;concept book;early learning book;book about animals;book about animals for babies;book about endangered animals for kids;ABC book about earth;ABC book about the world$2Subject Keywords
=LAS  \\$a10883$b40$c20230925$lBLL01$h1018

