=LDR  01624cam a2200481 i 4500
=001  019314024
=003  Uk
=005  20230607122359.0
=006  m\\\\||\\d\|\\\\\\
=007  cr\|||||||||||
=008  190225s2019\\\\enk|||||o\\\\||||\1|eng\\
=FMT  \\$a  BK
=015  \\$aGBC3A3910$2bnb
=020  \\$a9781528947619$qElectronic book (EPUB format)
=020  \\$z9781788481441$qhardback
=020  \\$z9781788481434$qpaperback
=037  \\$a9781528947619$bAustin Macauley
=040  \\$aUk$beng$cUk$erda
=042  \\$aukblcatcopy
=082  04$a823.92$223
=100  1\$atrjc.,$eauthor.
=245  10$aYou can never go home again :$bthe Möbius worlds /$ctrjc.
=264  \1$aLondon :$bAustin Macauley Publishers Ltd.,$c2019.
=300  \\$a1 online resource
=336  \\$atext$2rdacontent
=337  \\$acomputer$2rdamedia
=338  \\$aonline resource$2rdacarrier
=530  \\$aAlso issued in print format.
=650  \7$aFantasy.$2bicssc
=650  \7$aFICTION$xFantasy$xGeneral.$2bisacsh
=884  \\$aLDL ebooks tsv to marcxml transformation using Record_Load-eBooks_Legal_Deposit_tsv2marc_v2-0.xsl$g20190225$k9781528947619$qUk
=859  \\$aELD$bebook
=852  \\$aBritish Library$bHMNTS$cDRT$jELD.DS.400606
=985  \\$a100=NEW
=CAT  \\$aBATCH-EBKN$b00$c20190322$lBLL01$h0210
=CAT  \\$aEBKS-FXD$c20190322$lBLL01$h0217
=CAT  \\$aBATCH$b00$c20190322$lBLL01$h0218
=CAT  \\$a10883$b40$c20230605$lBLL01$h1004
=CAT  \\$a10883$b40$c20230607$lBLL01$h1223
=FIN  \\$aY$d20230607
=SRC  \\$aCollection Metadata
=ONS  \7$aFM$2bicssc
=LAS  \\$a10883$b40$c20230607$lBLL01$h1223

