=LDR  01486cam a2200421 i 4500
=001  019694941
=003  Uk
=005  20230907113719.0
=006  m\\\\||\\d\|\\\\\\
=007  cr\|||||||||||
=008  200201s2017\\\\xxk|||||o\\\\||||\||eng\\
=FMT  \\$a  BK
=015  \\$aGBC3H1575$2bnb
=040  \\$aUk$beng$cUk$erda
=082  04$a352.4$223
=245  00$aNew Conversations 2.0 :$bLGA guide to engagement /$cLocal Government Association.
=264  \1$aLondon :$bLocal Government Association,$c[2017]
=300  \\$a1 online resource
=336  \\$atext$2rdacontent
=337  \\$acomputer$2rdamedia
=338  \\$aonline resource$2rdacarrier
=650  \7$aPublic administration.$2fast$0(OCoLC)fst01081976
=650  \7$aPublic administration$xFinance.$2fast$0(OCoLC)fst01082004
=650  \7$aLocal government.$2fast$0(OCoLC)fst01001300
=690  7\$aManagement and Business Studies$2blcoll
=710  2\$aLocal Government Association (England and Wales)
=859  \\$aELD$bebook
=852  \\$aBritish Library$bHMNTS$cDRT$jELD.DS.487479
=CAT  \\$aBATCH-EBKN$b00$c20200201$lBLL01$h0216
=CAT  \\$aEBKS-FXD$c20200201$lBLL01$h0223
=CAT  \\$aBATCH$b00$c20200201$lBLL01$h0223
=CAT  \\$a11433$b40$c20230523$lBLL01$h1342
=CAT  \\$a11433$b40$c20230523$lBLL01$h1343
=CAT  \\$aBATCH-MBS$c20230526$lBLL01$h2214
=CAT  \\$a11433$b40$c20230907$lBLL01$h1137
=FIN  \\$aY$d20230523
=SRC  \\$aSubmission Portal
=LAS  \\$a11433$b40$c20230907$lBLL01$h1137

