=LDR  01509pam a22004571i 4500
=001  019938375
=003  Uk
=005  20210719114000.0
=006  m\\\\||\\d\|\\\\\\
=007  cr\|||||||||||
=008  200831s2020\\\\ne\\\\\\o\\\\\000|0|eng|d
=FMT  \\$a  BK
=015  \\$aGBC0D9259$2bnb
=020  \\$a9780128203682 (ePub ebook) :$c£115.00
=020  \\$z9780128203675 (hbk.) :$c£115.00
=037  \\$a9780128203682$bIngram Content Group
=040  \\$aStDuBDS$beng$cStDuBDS$dUk$erda$epn
=042  \\$aukblsr
=082  04$a571.157$223
=245  00$aAdvances in insect physiology.$nVolume 59 /$cvolume editor, Russell Jurenka.
=264  \1$aAmsterdam :$bAcademic Press,$c2020.
=300  \\$a1 online resource.
=336  \\$atext$2rdacontent
=337  \\$acomputer$2rdamedia
=338  \\$aonline resource$2rdacarrier
=500  \\$aFormerly CIP.$5Uk
=650  \0$aInsects$xPhysiology.
=700  1\$aJurenka, Russell,$eeditor.
=776  08$iPrint version :$z9780128203675
=859  \\$aELD$bebook
=852  \\$aBritish Library$bHMNTS$cDRT$jELD.DS.569811
=916  \\$a700=NEW
=CAT  \\$aBATCH-CIPN$b00$c20200915$lBLL01$h1708
=CAT  \\$aBATCH-EBKE$b00$c20201112$lBLL01$h0207
=CAT  \\$aEBKS-FXD$c20201112$lBLL01$h0211
=CAT  \\$aBATCH$b00$c20201112$lBLL01$h0213
=CAT  \\$aBATCH-UPD$b00$c20201112$lBLL01$h0214
=CAT  \\$a11249$b40$c20210708$lBLL01$h1657
=CAT  \\$a14586$b40$c20210719$lBLL01$h1140
=FIN  \\$aY$d20201112
=LAS  \\$a14586$b40$c20210719$lBLL01$h1140

