=LDR  02033aam a2200577 i 4500
=001  017481072
=003  Uk
=005  20210115221833.0
=006  m\\\\||\\d\|\\\\\\
=007  cr\|||||||||||
=008  150710r20121981enka||||ob\\\|||1\||eng\\
=FMT  \\$a  BK
=015  \\$aGBC100512$2bnb
=020  \\$a9781136866180$qEPUB
=020  \\$a1136866183$qEPUB
=020  \\$a9780203836828$qelectronic book
=020  \\$a9780203840351$qset
=020  \\$z9780415594998$qhardback
=020  \\$z9780415584142$qset
=037  \\$a9781136866180$bIngram Content Group
=040  \\$aUk$beng$cUk$erda
=042  \\$aukblcatcopy
=082  04$a363.596942091724$223
=100  1\$aDrakakis-Smith, D. W.,$eauthor.
=245  10$aUrbanisation, housing and the development process /$cDavid Drakakis-Smith.
=264  \1$aLondon :$bRoutledge,$c[2012?]
=264  \4$c©1981
=300  \\$a1 online resource :$billustrations.
=336  \\$atext$2rdacontent
=337  \\$acomputer$2rdamedia
=338  \\$aonline resource$2rdacarrier
=490  0\$aRoutledge library editions. Development ;$vv. 67
=500  \\$aOriginally published in print: 1981.
=504  \\$aIncludes bibliographical references and index.
=530  \\$aAlso issued in print format.
=650  \0$aUrban poor$xHousing$zDeveloping countries.
=650  \0$aUrbanization$zDeveloping countries.
=651  \0$aDeveloping countries$xEconomic conditions.
=650  \7$aBUSINESS & ECONOMICS / Development / General.$2bisacsh
=650  \7$aSOCIAL SCIENCE / Human Geography.$2bisacsh
=690  7\$aSocial Welfare$2blcoll
=859  \\$aELD$bebook
=852  \\$aBritish Library$bHMNTS$cDRT$jELD.DS.18281
=CAT  \\$aBATCH-EBKN$b00$c20150810$lBLL01$h0217
=CAT  \\$aEBKS-FXD$c20150810$lBLL01$h0225
=CAT  \\$aBATCH$b00$c20150810$lBLL01$h0228
=CAT  \\$aW1810-2163$c20190208$lBLL01$h2013
=CAT  \\$a10883$b40$c20210110$lBLL01$h1649
=CAT  \\$aBATCH-SWP$c20210115$lBLL01$h2218
=FIN  \\$aY$d20210110
=LAS  \\$aBATCH-SWP$b00$c20210115$lBLL01$h2218

