=LDR  06334cam a2200553 i 4500
=001  019075353
=003  Uk
=005  20221221104854.0
=006  m\\\\||\\d\|\\\\\\
=007  cr\|||||||||||
=008  181001s2019\\\\caua|||eob\\\|||1\||eng\\
=FMT  \\$a  BK
=015  \\$aGBC2M5684$2bnb
=020  \\$a9781544323756$qEPUB
=020  \\$a1544323751$qEPUB
=020  \\$z9781544323770$qpaperback
=037  \\$a9781544323756$bIngram Content Group
=040  \\$aUk$beng$cUk$erda
=042  \\$aukblcatcopy
=082  00$a150.72$223
=100  1\$aNestor, Paul,$eauthor.
=245  10$aResearch methods in psychology :$binvestigating human behavior /$cPaul G. Nestor, Russell K. Schutt.
=250  \\$aThird edition.
=264  \1$aLos Angeles :$bSAGE Publications, Inc,$c[2019]
=300  \\$a1 online resource :$billustrations
=336  \\$atext$2rdacontent
=337  \\$acomputer$2rdamedia
=338  \\$aonline resource$2rdacarrier
=504  \\$aIncludes bibliographical references and index.
=505  0\$aPreface<br />Acknowledgments<br />About the Authors<br />PART I. RESEARCH FUNDAMENTALS<br />Chapter 1. Uncommon Sense and the Scientific Method<br /> Biases in Thinking<br /> The Scientific Method<br /> Psychological Research in the Public Square<br /> Conclusion<br />Chapter 2. The Research Process<br /> Can Money Buy You Happiness?<br /> Research Approach<br /> Research Toolbox<br /> Evaluating and Critiquing Research<br /> Conclusion<br />Chapter 3. Literature Review in Research<br /> The Brain on Marijuana<br /> Literature Review in Research<br /> Framework for Literature Review<br /> Advanced Literature Reviews<br /> Conclusion<br />Chapter 4. Ethics in Behavioral Research<br /> Historical Background<br /> Ethical Principles<br /> The Institutional Review Board<br /> Conclusion<br />Chapter 5. Conceptualization and Measurement<br /> What Is Happiness?<br /> Theoretical Constructs<br /> Levels of Measurement<br /> The Special Case of Psychometrics<br /> Evaluating Measures<br /> The Logic of Measurement Validity<br /> Conclusion<br />Chapter 6. Samples and Generalizations<br /> Sample Planning<br /> Sampling Methods<br /> Sampling Distributions<br /> Conclusion<br />PART II. RESEARCH DESIGNS<br />Chapter 7. Considering Correlation: Are You a Maximizer or a Satisficer?<br /> Are You a Maximizer or a Satisficer?<br /> Correlational Research<br /> Correlation, Confounds, and Control Variables<br /> Decision-Making Strategies in a College Student Sample: Maximizer or Satisficer?<br /> Conclusion<br />Chapter 8. In Search of Causality: True Experiments<br /> Mental Calisthenics for the Brain?<br /> Single-Factor Experiment<br /> Theater of Independent Variables<br /> Measurement and Control<br /> Validity in Experiments<br /> Can Causality Be Established?<br /> Conclusion<br />Chapter 9. Experimental Design and Hypothesis Testing<br /> Does Exercise Make You Smarter?<br /> Basic Experimental Designs<br /> Two Options in Assigning Participants<br /> Null Hypothesis Significance Testing<br /> Conclusion<br />Chapter 10. Complex Research Designs<br /> Multifactorial Designs<br /> Within-Subjects Experiment<br /> Between-Subjects Experiment<br /> Conclusion<br />Chapter 11. Quasi-Experimental and Nonexperimental Designs<br /> The Good and the Bad of Media Multitasking<br /> Quasi-Experimental Designs<br /> Nonequivalent-Control-Group Designs<br /> Before-and-After Designs<br /> Quasi-Experiments of Media Multitasking<br /> Quasi-Experiments of 9/11 Memories<br /> Quasi-Experimental Research of Culture and Cognition<br /> Developmental Studies<br /> Nonexperimental Research<br /> Conclusion<br />Chapter 12. Small-N and Single-Subject Designs<br /> Foundations of Small-N Designs<br /> Measuring Targets of Intervention<br /> Types of Small-N and Single-Subject Designs<br /> Analyzing Small-N and Single-Subject Designs<br /> Internal Validity<br /> Generalizability<br /> Conclusion<br />Chapter 13. Survey Research<br /> How Happy Are You?<br /> Considering Surveys<br /> Writing Survey Questions<br /> Combining Questions in Indexes and Scales<br /> Designing Questionnaires<br /> Organizing Surveys<br /> Analyzing Surveys<br /> Conclusion<br />Chapter 14. Qualitative Methods<br /> Fundamentals of Qualitative Research<br /> Methods for Collecting Qualitative Data<br /> Qualitative Interviewing<br /> Participant Observation<br /> Systematic Observation<br /> Focus Groups<br /> Qualitative Data Analysis<br /> Ethical Issues in Qualitative Research<br /> Conclusion<br />PART III. RESEARCH PRODUCTS<br />Chapter 15. Quantitative Data Analysis<br /> Does Needing Help = Getting Help?<br /> Statistical Approach<br /> Univariate Distributions<br /> Descriptive Statistics<br /> Inferential Statistics<br /> The Ethics of Statistics<br /> Conclusion<br />Chapter 16. Essentials of APA Report Writing<br /> APA Format<br /> Report Organization in APA Format<br /> Literature Review<br /> Poster Presentation<br /> Sample Paper<br /> Conclusion<br />Appendix A: Summaries of Frequently Cited Research Articles<br />Appendix B: Questions to Ask About a Research Article<br />Appendix C: How to Read a Research Article<br />Appendix D: Proportions of Area Under Standard Normal Curve<br />Appendix E: Critical Values for t Distribution<br />Appendix F: Critical Values of F<br />Appendix G: Critical Values of Chi-Square<br />Appendix H: Critical Values of the Correlation Coefficient<br />Appendix I: Table of Random Numbers<br />Glossary<br />References<br />Index<br />
=650  \0$aHuman behavior.
=650  \0$aHuman behavior$xResearch.
=650  \0$aPsychology$xResearch.
=700  1\$aSchutt, Russell K.,$eauthor.
=859  \\$aELD$bebook
=852  \\$aBritish Library$bHMNTS$cDRT$jELD.DS.333358
=985  \\$aUpgraded by BSS-generated file for WR1910-0531FIN
=CAT  \\$aBATCH-EBKN$b00$c20181004$lBLL01$h0201
=CAT  \\$aBATCH-UPD$b00$c20181004$lBLL01$h0202
=CAT  \\$aEBKS-FXD$c20181004$lBLL01$h0209
=CAT  \\$aBATCH$b00$c20181004$lBLL01$h0210
=CAT  \\$aW1910-0531$b00$c20191025$lBLL01$h1758
=CAT  \\$a10883$b40$c20221216$lBLL01$h1640
=CAT  \\$a10883$b40$c20221221$lBLL01$h1048
=FIN  \\$aY$d20221221
=SRC  \\$aIngrams
=ONX  \\$aUS
=ONS  \7$aPSY$x030000$2bisacsh
=LAS  \\$a10883$b40$c20221221$lBLL01$h1048

