=LDR  01288cam a22003855i 4500
=001  020584256
=003  Uk
=005  20220527212806.0
=006  m\\\\|\\\d\|\\\\\\
=007  cr||||||||||||
=008  220516s2021\\\\enk\\\\\s\\\\\000\0\eng\\
=FMT  \\$a  BK
=020  \\$a9781800432383$qePub ebook
=020  \\$z9781800432369$qPDF ebook
=020  \\$z9781800432376
=040  \\$aUk$beng$cUk$erda
=082  04$a658.4012$223
=245  00$aAesthetics and style in strategy /$cedited by Gino Cattani [and three others].
=264  \1$aUnited Kingdom :$bEmerald Publishing,$c2021.
=300  \\$a1 online resource
=336  \\$atext$2rdacontent
=337  \\$acomputer$2rdamedia
=338  \\$aonline resource$2rdacarrier
=490  0\$aAdvances in strategic management,$x0742-3322 ;$vvolume 42
=690  7\$aManagement and Business Studies$2blcoll
=690  7\$aManagement and Business Studies$2blcoll
=700  1\$aCattani, Gino,$eeditor.
=859  \\$aELD$bebook
=852  \\$aBritish Library$bHMNTS$cDRT$jELD.DS.578403
=CAT  \\$a8874$b40$c20220516$lBLL01$h0851
=CAT  \\$a8874$b40$c20220516$lBLL01$h0852
=CAT  \\$aBATCH-MBS$c20220520$lBLL01$h2129
=CAT  \\$aBATCH-MBS$c20220527$lBLL01$h2128
=FIN  \\$aY$d20220516
=LAS  \\$aBATCH-MBS$b00$c20220527$lBLL01$h2128

