=LDR  01076nam a22003375i 4500
=001  020584259
=003  Uk
=005  20220516085859.0
=006  m\\\\|\\\d\|\\\\\\
=007  cr||||||||||||
=008  220516s2020\\\\enk\\\\\s\\\\\000\0\eng\\
=FMT  \\$a  BK
=020  \\$a9781528969864 (ePub ebook) :$c£69.99
=020  \\$z9781528939256 (hbk.) :$c£79.99
=020  \\$z9781528939249 (pbk.) :$c£74.99
=040  \\$aUk$beng$cUk$erda
=100  1\$aEdrich, Simon,$eauthor.
=245  10$aDoing business in the UK /$cSimon Edrich.
=264  \1$aLondon :$bAustin Macauley Publishers,$c2020.
=300  \\$a1 online resource
=336  \\$atext$2rdacontent
=337  \\$acomputer$2rdamedia
=338  \\$aonline resource$2rdacarrier
=650  \0$aIndustrial management$zGreat Britain.
=650  \0$aSuccess in business$zGreat Britain.
=859  \\$aELD$bebook
=852  \\$aBritish Library$bHMNTS$cDRT$jELD.DS.581314
=CAT  \\$a8874$b40$c20220516$lBLL01$h0856
=CAT  \\$a8874$b40$c20220516$lBLL01$h0859
=FIN  \\$aY$d20220516
=LAS  \\$a8874$b40$c20220516$lBLL01$h0859

