=LDR  02287pam a22006131i 4500
=001  017797536
=003  Uk
=005  20191025214551.0
=006  m\\\\||\\d\|\\\\\\
=007  cr\|||||||||||
=008  160318r20162013enk\\\\\o\\\\\000|0|eng|d
=FMT  \\$a  BK
=015  \\$aGBB648963$2bnb
=020  \\$a9781317064442 (ePub ebook) :$c£95.00
=020  \\$z9781317064459 (PDF ebook) :$c£95.00
=020  \\$z9781317064435 (Mobipocket ebook) :$c£95.00
=020  \\$z9781315605968 (ebook) :$c£95.00
=037  \\$a9781317064442$bIngram Content Group
=040  \\$aStDuBDS$beng$cStDuBDS$dUk$erda$epn
=042  \\$aukblsr
=082  04$a658.001$223
=100  1\$aHolmes, Leonard$q(Leonard Michael),$eauthor.
=245  00$aRe-Tayloring management :$bscientific management a century on /$cedited by Christina Evans and Leonard Holmes.
=264  \1$aLondon :$bRoutledge,$c2016.
=300  \\$a1 online resource.
=336  \\$atext$2rdacontent
=337  \\$acomputer$2rdamedia
=338  \\$aonline resource$2rdacarrier
=500  \\$aPreviously issued in print: Farnham: Gower, 2013.
=588  \\$aDescription based on CIP data; resource not viewed.
=650  \0$aIndustrial management.
=650  \0$aIndustrial engineering.
=600  10$aTaylor, Frederick Winslow,$d1856-1915$xInfluence.
=690  7\$aManagement and Business Studies$2blcoll
=700  1\$aEvans, Christina,$d1955-$eeditor.
=700  1\$aHolmes, Leonard$q(Leonard Michael),$eeditor.
=776  08$iPrint version :$z9781409450757
=859  \\$aELD$bebook
=852  \\$aBritish Library$bHMNTS$cDRT$jELD.DS.54421
=916  \\$a700/1=RDA Review
=CAT  \\$aBATCH-CIPN$b00$c20160405$lBLL01$h1712
=CAT  \\$aBATCH-EBKE$b00$c20160414$lBLL01$h0205
=CAT  \\$aBATCH-UPD$b00$c20160414$lBLL01$h0207
=CAT  \\$aEBKS-FXD$c20160414$lBLL01$h0210
=CAT  \\$aBATCH$b00$c20160414$lBLL01$h0210
=CAT  \\$aBATCH-UPD$b00$c20160414$lBLL01$h0210
=CAT  \\$a5100$b40$c20180131$lBLL01$h1037
=CAT  \\$a5100$b40$c20180131$lBLL01$h1039
=CAT  \\$aBATCH$c20191017$lBLL01$h1551
=CAT  \\$aBATCH-UPD$b00$c20191017$lBLL01$h1654
=CAT  \\$aBATCH-MBS$c20191025$lBLL01$h2145
=FIN  \\$aY$d20191017
=ONS  \7$aBUS$x082000$2bisacsh
=LAS  \\$aBATCH-MBS$b00$c20191025$lBLL01$h2145

