=LDR  01884pam a22005531i 4500
=001  017897515
=003  Uk
=005  20171106095823.0
=006  m\\\\||\\d\|\\\\\\
=007  cr\|||||||||||
=008  160622r20162001enka\\\\ob\\\\000|0|eng|d
=FMT  \\$a  BK
=015  \\$aGBB687206$2bnb
=020  \\$a9780007381869 (ePub ebook) :$c£4.99
=037  \\$a9780007381869$bHarperCollins Publishers Ltd
=040  \\$aStDuBDS$beng$cStDuBDS$dUk$erda$epn
=042  \\$aukblcatcopy
=082  04$a158.2$223
=100  1\$aRoberts, Monty,$d1935-$eauthor.
=245  10$aHorse sense for people /$cMonty Roberts.
=250  \\$aEPub edition.
=264  \1$aLondon :$bHarperCollinsPublishers,$c2016.
=300  \\$a1 online resource :$billustrations
=336  \\$atext$2rdacontent
=336  \\$astill image$2rdacontent
=337  \\$acomputer$2rdamedia
=338  \\$aonline resource$2rdacarrier
=500  \\$aPreviously issued in print: 2001.
=504  \\$aIncludes bibliographical references.
=588  \\$aDescription based on CIP data; resource not viewed.
=650  \0$aInterpersonal communication.
=776  08$iPrint version :$z9780006531616
=859  \\$aELD$bebook
=852  \\$aBritish Library$bHMNTS$cDRT$jELD.DS.67354
=CAT  \\$aBATCH-CIPN$b00$c20160628$lBLL01$h1704
=CAT  \\$aBATCH-EBKE$b00$c20160711$lBLL01$h0913
=CAT  \\$aEBKS-FXD$c20160711$lBLL01$h0915
=CAT  \\$aBATCH$b00$c20160711$lBLL01$h0915
=CAT  \\$aBATCH-UPD$b00$c20160711$lBLL01$h0916
=CAT  \\$a7364$b40$c20170825$lBLL01$h1550
=CAT  \\$a7364$b40$c20170825$lBLL01$h1554
=CAT  \\$a11279$b40$c20171025$lBLL01$h1334
=CAT  \\$a7164$b40$c20171025$lBLL01$h1433
=CAT  \\$a8201$b40$c20171106$lBLL01$h0958
=FIN  \\$aY$d20171025
=DRS  \\$aLD-ebooks
=ONS  \7$aWNGH$2bicssc
=ONS  \7$aPSY$x000000$2bisacsh
=LAS  \\$a8201$b40$c20171106$lBLL01$h0958

