=LDR  01624 am a2200481 i 4500
=001  016915666
=003  Uk
=005  20150603104503.0
=006  m\\\\||\\d\|\\\\\\
=007  cr\|||||||||||
=008  141007s2010\\\\enka\\\\ob\\\\001\0\eng\\
=FMT  \\$a  BK
=015  \\$aGBB572270$2bnb
=020  \\$a9781848034143$qEPUB
=020  \\$a1848034148$qEPUB
=037  \\$a45398021$bIngram Content Group
=040  \\$aUk$beng$cUk$erda
=042  \\$aukblsr
=082  04$a658.872$223
=100  1\$aConnell, Darcie,$eauthor.
=245  10$aBusiness in a Backpack :$ba step-by-step guide to building a business while traveling the world /$cAdam Costa and Darcie Connell.
=264  \1$aOxford :$bHow To Books,$c2010.
=300  \\$a1 online resource :$billustrations (colour)
=336  \\$atext$2rdacontent
=337  \\$acomputer$2rdamedia
=338  \\$aonline resource$2rdacarrier
=504  \\$aIncludes bibliographical references and index.
=650  \0$aElectronic commerce$xManagement.
=650  \0$aInternet marketing.
=650  \0$aNew business enterprises.
=650  \0$aSuccess in business.
=650  \0$aTravel.
=690  7\$aManagement and Business Studies$2blcoll
=700  1\$aConnell, Darcie,$eauthor.
=859  \\$aELD$bebook
=852  \\$aBritish Library$bHMNTS$cDRT$jELD.DS.7162
=CAT  \\$aBATCH-EBKN$b00$c20141029$lBLL01$h0222
=CAT  \\$aEBKS-FXD$c20141029$lBLL01$h0244
=CAT  \\$aBATCH$b00$c20141029$lBLL01$h0248
=CAT  \\$a7332$b40$c20150603$lBLL01$h1045
=CAT  \\$aBATCH-MBS$c20150612$lBLL01$h2058
=FIN  \\$aY$d20150603
=LAS  \\$aBATCH-MBS$b00$c20150612$lBLL01$h2058

