=LDR  01243 am a22003731i 4500
=001  016970062
=003  Uk
=005  20210413155659.0
=008  161026s2014\\\\xxk\\\\go\\\\||||\||eng\\
=FMT  \\$a  BK
=020  \\$a9781780224343 :$qEPUB
=020  \\$a1780224346$qEPUB
=040  \\$aUk$beng$cUk$erda
=082  04$aAF$qUkWkNB
=100  1\$aHousehold, Geoffrey$eauthor.
=245  10$aRogue Justice /$cGeoffrey Household.
=264  \1$aLondon :$bOrion,$c2014.
=300  \\$a1 online resource (256 pages).
=336  \\$atext$2rdacontent
=337  \\$acomputer$2rdamedia
=338  \\$aonline resource$2rdacarrier
=650  \7$aThriller / Suspense$2bicssc
=859  \\$aELD$bebook
=852  \\$aBritish Library$bHMNTS$cDRT$jELD.DS.9828
=985  \\$aCorrected by MS generated file for WR# 2102-0049
=CAT  \\$aBATCH-EBKN$b00$c20141206$lBLL01$h0217
=CAT  \\$aEBKS-FXD$c20141206$lBLL01$h0226
=CAT  \\$aBATCH$b00$c20141206$lBLL01$h0227
=CAT  \\$aBATCH-SURR$b00$c20161124$lBLL01$h2125
=CAT  \\$a14346$b40$c20161128$lBLL01$h0919
=CAT  \\$a7732$b40$c20170509$lBLL01$h0956
=CAT  \\$a7732$b40$c20170509$lBLL01$h1052
=CAT  \\$aBLSS-CORR$b00$c20210413$lBLL01$h1556
=LAS  \\$aBLSS-CORR$b00$c20210413$lBLL01$h1556

