=LDR  02089cam a22005531i 4500
=001  020991807
=003  Uk
=005  20230711142120.0
=006  m\\\\||\\d\|\\\\\\
=007  cr\|||||||||||
=008  230202s2023\\\\enk\\\\\ob\\\\001|0|eng|d
=FMT  \\$a  BK
=015  \\$aGBC356216$2bnb
=020  \\$a9781000883879$qePub ebook$c£36.99
=020  \\$z9781032188225$qhardback$c£130.00
=020  \\$a9781000883800$qPDF ebook$c£36.99
=024  7\$a10.4324/9781003256434$2doi
=037  \\$a9781000883879$bIngram Content Group
=040  \\$aStDuBDS$beng$cStDuBDS$dUk$erda$epn
=042  \\$aukblsr
=082  04$a344.41503288$223
=100  1\$aStrauss-Walsh, Stephen J.,$eauthor.
=245  12$aA history of victims of crime :$bhow they reclaimed their rights /$cStephen J. Strauss-Walsh.
=250  \\$a1st
=264  \1$aLondon :$bRoutledge,$c2023.
=300  \\$a1 online resource (272 pages).
=336  \\$atext$2rdacontent
=337  \\$acomputer$2rdamedia
=338  \\$aonline resource$2rdacarrier
=490  0\$aRoutledge contemporary issues in criminal justice and procedure
=504  \\$aIncludes bibliographical references and index.
=588  \\$aDescription based on CIP data; resource not viewed.
=650  \0$aVictims of crimes$xLegal status, laws, etc.$zIreland$xHistory.
=650  \0$aReparation (Criminal justice)$zIreland$xHistory.
=650  \0$aFair trial$zIreland$xHistory.
=650  \0$aCriminal procedure$zIreland$xHistory.
=650  \0$aCriminal justice, Administration of$zIreland$xHistory.
=776  08$iPrint version :$z9781032188225
=859  \\$aELD$bebook
=852  \\$aBritish Library$bHMNTS$cDRT$jELD.DS.764091
=CAT  \\$aBATCH-CIPN$b00$c20230314$lBLL01$h1711
=CAT  \\$aBATCH-UPD$b00$c20230314$lBLL01$h1722
=CAT  \\$aBATCH-EBKE$b00$c20230412$lBLL01$h0206
=CAT  \\$aEBKS-FXD$c20230412$lBLL01$h0212
=CAT  \\$aBATCH$b00$c20230412$lBLL01$h0213
=CAT  \\$aBATCH-UPD$b00$c20230412$lBLL01$h0215
=CAT  \\$a11249$b40$c20230711$lBLL01$h1421
=FIN  \\$aY$d20230412
=LAS  \\$a11249$b40$c20230711$lBLL01$h1421

